@inproceedings{abe2001collision,
  title={Collision avoidance method for multiple autonomous mobile agents by implicit cooperation},
  author={Abe, Yasuaki and Yoshiki, Matsuo},
  booktitle={Intelligent Robots and Systems, 2001. Proceedings. 2001 IEEE/RSJ International Conference on},
  volume={3},
  pages={1207--1212},
  year={2001},
  organization={IEEE}
}

@article{bersethrobust,
    title={Robust Space-Time Footsteps for Agent-Based Steering},
    author={Berseth, Glen and Kapadia, Mubbasir and Faloutsos, Petros}
}

@inproceedings{braunmodeling2003,
    title={Modeling Individual Behaviors in Crowd Simulation},
    author={Braun, Adriana and Musse, Soraia and L. de Oliveira, Luiz and Bodmann, Bardo},
    booktitle={IEEE Computer Society},
    pages={1--6},
    year={2003},
    organization={IEEE}
}

@inproceedings{brogangroup1996,
    title={Group Behaviors for Systems with Significant Dynamics},
    author={Brogan, David and Hodgins, Jessica},
    booktitle={Autonomous Robots},
    pages={137--153},
    year={1996},
    organization={Kluwer}
}

@inproceedings{chung2000interactively,
    author = {Chung, Shih-kai and Hahn, James K.},
    title = {Animation of Human Walking in Virtual Environments},
    booktitle = {Proceedings of the Computer Animation},
    series = {CA '99},
    year = {1999},
    isbn = {0-7695-0167-2},
    pages = {4--},
    url = {http://dl.acm.org/citation.cfm?id=791217.791557},
    acmid = {791557},
    publisher = {IEEE Computer Society},
    address = {Washington, DC, USA},
}

@inproceedings{coros2008synthesis,
    author = {Coros, Stelian and Beaudoin, Philippe and Yin, Kang Kang and van de Pann, Michiel},
    title = {Synthesis of Constrained Walking Skills},
    booktitle = {ACM SIGGRAPH Asia 2008 Papers},
    series = {SIGGRAPH Asia '08},
    year = {2008},
    isbn = {978-1-4503-1831-0},
    location = {Singapore},
    pages = {113:1--113:9},
    articleno = {113},
    numpages = {9},
    url = {http://doi.acm.org/10.1145/1457515.1409066},
    doi = {10.1145/1457515.1409066},
    acmid = {1409066},
    publisher = {ACM},
    address = {New York, NY, USA},
}

@inproceedings{coros2010generalized,
  title={Generalized biped walking control},
  author={Coros, Stelian and Beaudoin, Philippe and van de Panne, Michiel},
  booktitle={ACM Transactions on Graphics (TOG)},
  volume={29},
  number={4},
  pages={130},
  year={2010},
  organization={ACM}
}

@inproceedings{cucker2007emergent,
    title={Emergent Behavior in Flocks},
    author={Cucker, Felipe and Smale, Steve},
    journal={IEEE Transactions on Automatic Control},
    volume={52},
    number={5},
    pages={852--862},
    year={2007},
    organization={IEEE}
}

@article{dadova2010flocks,
    title = {Animation of Flocks and Herds},
    author = {Bc. Jana Dadova},
    url = {http://www.sccg.sk/~dadova/publications/dadova_masters.pdf},
    year = {2010}
}

@inproceedings{galland2014,
    title={The 1st International Workshop on Agent-based Modeling and Simulation of Cities.},
    author={Galland, S., Gaud, N., Demange, J. and Koukam, A.},
    booktitle={Multilevel Model of the 3D Virtual Environment for Crowd Simulation in Buildings.},
    year={2014},
    organization={IEEE}
}

@article{2013-TOG-MuscleBasedBipeds,
  title={Flexible Muscle-Based Locomotion for Bipedal Creatures},
  author={Thomas Geijtenbeek and Michiel van de Panne and A. Frank van der Stappen},
  journal={ACM Transactions on Graphics},
  year={2013},
  volume = {32},
  number = {6},
  publisher={ACM SIGGRAPH}
}

@inproceedings{hal2010,
    title={A Synthetic-Vision Based Steering Approach for Crowd Simulation},
    author={Ondrej, Jan and Pettr\'e, Julien and Olivier,  Anne-H´el`ene and Donikian, St´ephane},
    year={2010},
    organization={Association for Computing Machinery (ACM)}
}

@article{helbing2002simulation,
  title={Simulation of pedestrian crowds in normal and evacuation situations},
  author={Helbing, Dirk and Farkas, Illes J and Molnar, Peter and Vicsek, Tam{\'a}s},
  journal={Pedestrian and evacuation dynamics},
  volume={21},
  number={2},
  pages={21--58},
  year={2002},
  publisher={Springer, Berlin}
}

@inproceedings{jaradat2012autonomous,
    title={Autonomous mobile robot dynamic motion planning using hybrid fuzzy potential field},
    author={Jaradat, Mohammad Abdel Kareem and Garibeh, Mohammad H. and Feilat, Eyad A.},
    journal={Soft Computing},
    volume={16},
    number={1},
    pages={153--164},
    year={2012},
    publisher={Springer}
}

@article {kapadia2013navigation,
    author = {Kapadia, Mubbasir and Badler, Norman I.},
    title = {{Navigation and steering for autonomous virtual humans}},
    journal = {Wiley Interdisciplinary Reviews: Cognitive Science},
    publisher = {John Wiley & Sons, Inc.},
    issn = {1939-5086},
    url = {http://dx.doi.org/10.1002/wcs.1223},
    doi = {10.1002/wcs.1223},
    pages = {n/a--n/a},
    year = {2013},
}

@inproceedings{karamouzas2010simulating,
    title={Simulating the local behaviour of small pedestrian groups},
    author={Karamouzas, Ioannis and Overmars, Mark},
    booktitle={Proceedings of the 17th acm symposium on virtual reality software and technology},
    pages={183--190},
    year={2010},
    organization={ACM}
}

@inproceedings{kaurrani2013,
    title={Increasing Efficiency of Crowd Simulation Using Particle Swarm Optimization},
    author={Kaur, Sarabjeet and Rani, Jyoti},
    journal={International Journal of Innovative Research in Computer and Communication Engineering},
    volume={1},
    number={4},
    year={2013},
    organization={IJIRCCE}
}

@inproceedings{kenwright2012responsive,
    title={Responsive biped character stepping: When push comes to shove},
    author={Kenwright, Ben},
    booktitle={Cyberworlds (CW), 2012 International Conference on},
    pages={151--156},
    year={2012},
    organization={IEEE}
}

@inproceedings{kountouriotis2014agent,
    title={An Agent-Based Crowd Behaviour Model For Real Time Crowd Behaviour Simulation},
    author={Kountouriotis, Vassilios and Thomopoulos, Stelios C.A. and Papelis, Yiannis},
    journal={Pattern Recognition Letters},
    volume={44},
    pages={30--38},
    year={2014},
    publisher={North Holland}
}
@article{lee2012,
	title = {Modeling and Simulation of Skeletal Muscle for Computer Graphics: A Survey},
	author = {Dongwoon Lee and Michael Glueck and Azam Khan and Eugene Fiume and Ken Jackson},
	url = {ftp://www.cs.toronto.edu/na/reports/MuscleSimulationSurvey.pdf},
    year = {2012},
    journal={Foundations and Trends in Computer Graphics and Vision}
    volume={7},
    number={4},
    pages={229--276},
    doi = {0.1561/0600000036}
}

@inproceedings{lehy2004teaching,
    title={Teaching Bayesian Behaviours To Video Game Characters},
    author={Le Hy, Ronan and Arrigoni, Anthony and Bessière, Pierre and Lebeltel, Olivier},
    journal={Robotics And Autonomous Systems},
    volume={47},
    number={2},
    pages={177--185},
    year={2004},
    publisher={Elsevier}
}

@inproceedings{Loscos2003reciprocal1,
    title={Theory and Practice of Computer Graphics.},
    author={Loscos, C., Marshal, D. and Meyer A.},
    booktitle={Intuitive crowd behavior in dense urban environments using local laws.},
    year={2003},
    organization={IEEE}
}

@article{Moussaid2010,
    title={The Walking Behaviour of Pedestrian Social Groups and Its Impact on Crowd Dynamics},
    author={Moussaid, Mehdi and Perozo, Niriaska and Garnier, Simon and Helbing, Dirk and Theraulaz, Guy}
}

@inproceedings{MusseHierarchial2001,
    title={Hierarchical Model for Real Time Simulation of Virtual Human Crowds},
    author={Musse, Soraia and Thalmann, Daniel},
    booktitle={IEEE Transactions on Visualization and Computer Graphics},
    pages={152--164},
    year={2001},
    organization={IEEE}
}

@article{panne97footprints,
    added-at = {2012-04-14T00:00:00.000+0200},
    author = {van de Panne, Michiel},
    biburl = {http://www.bibsonomy.org/bibtex/277ac99b2fde44a85070043e6f450ea71/dblp},
    ee = {http://dx.doi.org/10.1111/1467-8659.00181},
    interhash = {5f0f9dd9a062b29ae5ebc8e5a9d89059},
    intrahash = {77ac99b2fde44a85070043e6f450ea71},
    journal = {Comput. Graph. Forum},
    keywords = {dblp},
    number = 4,
    pages = {211-224},
    timestamp = {2012-04-17T12:06:24.000+0200},
    title = {From Footprints to Animation.},
    url = {http://dblp.uni-trier.de/db/journals/cgf/cgf16.html#Panne97},
    volume = 16,
    year = 1997
}

@article{park2013psych,
    added-at = {2013-05-29T00:00:00.000+0200},
    author = {Park, Jin Hyoung and Rojas, Francisco A. and Yang, Hyun Seung},
    biburl = {http://www.bibsonomy.org/bibtex/27eb246cb3d0580dd3f4645c8de8ef182/dblp},
    ee = {http://dx.doi.org/10.1002/cav.1504},
    interhash = {0b0a9335f06b77b7b7fbd96b1f2d589a},
    intrahash = {7eb246cb3d0580dd3f4645c8de8ef182},
    journal = {Journal of Visualization and Computer Animation},
    keywords = {dblp},
    number = {3-4},
    pages = {173-183},
    timestamp = {2013-08-13T13:31:18.000+0200},
    title = {A collision avoidance behavior model for crowd simulation based on psychological findings},
    url = {http://dblp.uni-trier.de/db/journals/jvca/jvca24.html#ParkRY13},
    volume = {24},
    year = {2013}
}

@inproceedings{pelechano2005,
    title={First International Workshop on Crowd Simulation},
    author={Pelechano, N., O'Brien, K., Silverman, B. and Badler, N.},
    booktitle={Crowd Simulation Incorporating Agent Psychological Models.},
    year={2005},
    organization={IEEE}
}

@inproceedings{pelechano2007controlling,
    title={Controlling individual agents in high-density crowd simulation},
    author={Pelechano, Nuria and Allbeck, Jan M and Badler, Norman I},
    booktitle={Proceedings of the 2007 ACM SIGGRAPH/Eurographics symposium on Computer animation},
    pages={99--108},
    year={2007},
    organization={Eurographics Association}
}

@book{pelechano2008virtual,
    author = {Pelechano, Nuria and Allbeck, Jan and Badler, Norman},
    title = {Virtual Crowds: Methods, Simulation, and Control (Synthesis Lectures on Computer Graphics and Animation)},
    year = {2008},
    isbn = {1598296418, 9781598296419},
    publisher = {Morgan and Claypool Publishers},
} 

@article{pollard2001animationof,
    author = {Nancy S. Pollard and Paul S. A. Reitsma},
    title = {Animation of Humanlike Characters: Dynamic Motion Filtering with a Physically Plausible Contact Model},
    year = {2001}
}

@inproceedings{reynoldssteer1987,
    title={Flocks, herds, and schools: A distributed behavior model.},
    author={Reynolds, Craig W.},
    year={1987},
    organization={Symbolic Graphics Division}
}

@inproceedings{reynoldssteer1999,
    title={Steering Behaviors For Autonomous Characters},
    author={Reynolds, Craig W.},
    year={1999},
    organization={Sony Computer Entertainment America}
}

@inproceedings{shao2005autonomous,
    title={Autonomous pedestrians},
    author={Shao, Wei and Terzopoulos, Demetri},
    booktitle={Proceedings of the 2005 ACM SIGGRAPH/Eurographics symposium on Computer animation},
    pages={19--28},
    year={2005},
    organization={ACM}
}

@inproceedings{singh2010interface,
    title={On the interface between steering and animation for autonomous characters},
    author={Singh, Shawn and Kapadia, Mubbasir and Reinmann, Glenn and Faloutsos, Petros},
    booktitle={In Workshop on Crowd Simulation, Computer Animation and Social Agents},
    year={2010}
}

@article{singh2011footstep,
    title={Footstep navigation for dynamic crowds},
    author={Singh, Shawn and Kapadia, Mubbasir and Reinman, Glenn and Faloutsos, Petros},
    journal={Computer Animation and Virtual Worlds},
    volume={22},
    number={2-3},
    pages={151--158},
    year={2011},
    publisher={Wiley Online Library}
}

@inproceedings{stephen2009clearpath,
    author = {Stephen J. Guy and Jatin Chhugani and Changkyu Kim and Nadathur Satish and Ming C. Lin and Dinesh Manocha and Pradeep Dubey},
    title = {ClearPath: Highly Parallel Collision Avoidance for Multi-Agent Simulation},
    booktitle = {ACM SIGGRAPH/EUROGRAPHICS SYMPOSIUM ON COMPUTER ANIMATION},
    year = {2009},
    pages = {177--187},
    publisher = {ACM}
}

@inproceedings{Sullivancrowd2002,
    title={Crowd and Group Simulation with Levels of Detail for Geometry, Motion and Behaviour.},
    author={Sulliavan, Carol and Cassell, Justine and Vilhajalmsson, Hannes and Dobbyn, Simon and Peters, Christopher and Leeson, William and Giang, Thanh and Dingliana, John},
    booktitle={Eurographics Irish Chapter},
    pages={1--6}
    year={2002},
    organization={Eurgraphics}
}

@inproceedings{sung2004scalable,
    title={Scalable behaviors for crowd simulation},
    author={Sung, Mankyu and Gleicher, Michael and Chenney, Stephen},
    booktitle={Computer Graphics Forum},
    volume={23},
    number={3},
    pages={519--528},
    year={2004},
    organization={Wiley Online Library}
}

@inproceedings{tastansuk2011,
    title={Leveraging human behavior models to predict paths in indoor environments},
    author={Tastan, Bulent and Sukthankar, Gita},
    year={2011},
    organization={Elsevire}
}

@inproceedings{tastansuk2009,
    title={Exploiting Human Steering Models for Path Prediction},
    author={Tastan, Bulent and Sukthankar, Gita},
    year={2009}
}

@inproceedings{van2008reciprocal,
    title={Reciprocal velocity obstacles for real-time multi-agent navigation},
    author={Van den Berg, Jur and Lin, Ming and Manocha, Dinesh},
    booktitle={Robotics and Automation, 2008. ICRA 2008. IEEE International Conference on},
    pages={1928--1935},
    year={2008},
    organization={IEEE}
}

@inproceedings{van2011reciprocal1,
    title={Reciprocal collision avoidance with acceleration-velocity obstacles},
    author={Van den Berg, Jur and Snape, Jamie and Guy, Stephen J and Manocha, Dinesh},
    booktitle={Robotics and Automation (ICRA), 2011 IEEE International Conference on},
    pages={3475--3482},
    year={2011},
    organization={IEEE}
}

@incollection{van2011reciprocal2,
    title={Reciprocal $n$-body collision avoidance},
    author={Van Den Berg, Jur and Guy, Stephen J and Lin, Ming and Manocha, Dinesh},
    booktitle={Robotics research},
    pages={3--19},
    year={2011},
    publisher={Springer}
}

@article{vizzari2013adaptiveped,
    title={Adaptive pedestrian behaviour for the preservation of group cohesion},
    author={Giuseppe Vizzari, Lorenza Manenti and Luca Crociani},
    journal={Complex Adaptive Systems Modeling},
    doi={10.1186/2194-3206-1-7},
    url = {http://www.casmodeling.com/content/1/1/7},
    year={2013},
    publisher={Springer}
}

@inproceedings{wilkie2009generalized,
    title={Generalized velocity obstacles},
    author={Wilkie, David and Van den Berg, Jur and Manocha, Dinesh},
    booktitle={Intelligent Robots and Systems, 2009. IROS 2009. IEEE/RSJ International Conference on},
    pages={5573--5578},
    year={2009},
    organization={IEEE}
}

@inproceedings{yin2007simbicon,
  title={Simbicon: Simple biped locomotion control},
  author={Yin, KangKang and Loken, Kevin and van de Panne, Michiel},
  booktitle={ACM Transactions on Graphics (TOG)},
  volume={26},
  number={3},
  pages={105},
  year={2007},
  organization={ACM}
}

@article{fiorini1998motion,
  title={Motion planning in dynamic environments using velocity obstacles},
  author={Fiorini, Paolo and Shiller, Zvi},
  journal={The International Journal of Robotics Research},
  volume={17},
  number={7},
  pages={760--772},
  year={1998},
  publisher={SAGE Publications}
}

@article{snape2011hybrid,
  title={The hybrid reciprocal velocity obstacle},
  author={Snape, Jamie and van den Berg, Jan and Guy, Stephen J and Manocha, Dinesh},
  journal={Robotics, IEEE Transactions on},
  volume={27},
  number={4},
  pages={696--706},
  year={2011},
  publisher={IEEE}
}

@inproceedings{kluge2006recursive,
  title={Recursive probabilistic velocity obstacles for reflective navigation},
  author={Kluge, Boris and Prassler, Erwin},
  booktitle={Field and Service Robotics},
  pages={71--79},
  year={2006},
  organization={Springer}
}

@article{schuerman2010situation,
  title={Situation agents: agent-based externalized steering logic},
  author={Schuerman, Matthew and Singh, Shawn and Kapadia, Mubbasir and Faloutsos, Petros},
  journal={Computer Animation and Virtual Worlds},
  volume={21},
  number={3-4},
  pages={267--276},
  year={2010},
  publisher={Wiley Online Library}
}

@inproceedings{yeh2008composite,
  title={Composite agents},
  author={Yeh, Hengchin and Curtis, Sean and Patil, Sachin and van den Berg, Jur and Manocha, Dinesh and Lin, Ming},
  booktitle={Proceedings of the 2008 ACM SIGGRAPH/Eurographics Symposium on Computer Animation},
  pages={39--47},
  year={2008},
  organization={Eurographics Association}
}

@article{park2013modeling,
  title={Modeling social group interactions for realistic crowd behaviors},
  author={Park, Seung In},
  year={2013},
  publisher={Virginia Polytechnic Institute \& State University}
}

@article{park2013simulating,
  title={Simulating and animating social dynamics: embedding small pedestrian groups in crowds},
  author={Park, Seung In and Quek, Francis and Cao, Yong},
  journal={Computer Animation and Virtual Worlds},
  volume={24},
  number={3-4},
  pages={155--164},
  year={2013},
  publisher={Wiley Online Library}
}

article{vizzari2013adaptiveped,
    title={Adaptive pedestrian behaviour for the preservation of group cohesion},
    author={Giuseppe Vizzari, Lorenza Manenti and Luca Crociani},
    journal={Complex Adaptive Systems Modeling},
    doi={10.1186/2194-3206-1-7},
    url = {http://www.casmodeling.com/content/1/1/7},
    year={2013},
    publisher={Springer}
}